<record><leader>00000cas a22000007a 4500</leader><controlfield tag="001">17286651</controlfield><controlfield tag="008">871228d1865186uiaudr ne      0    0eng d</controlfield><datafield ind1=" " ind2=" " tag="010"><subfield code="a">sn 87058554 </subfield></datafield><datafield ind1=" " ind2=" " tag="040"><subfield code="a">INP</subfield><subfield code="b">eng</subfield><subfield code="c">INP</subfield><subfield code="d">OCLCQ</subfield></datafield><datafield ind1=" " ind2=" " tag="042"><subfield code="a">msc</subfield></datafield><datafield ind1="0" ind2=" " tag="130"><subfield code="a">Daily evening courier (Ottumwa, Iowa)</subfield></datafield><datafield ind1="1" ind2="0" tag="245"><subfield code="a">Daily evening courier.</subfield></datafield><datafield ind1="1" ind2="3" tag="246"><subfield code="a">Daily Ottumwa courier</subfield></datafield><datafield ind1=" " ind2=" " tag="260"><subfield code="a">Ottumwa [Iowa] :</subfield><subfield code="b">J.W. Norris,</subfield><subfield code="c">1865-</subfield></datafield><datafield ind1=" " ind2=" " tag="300"><subfield code="a">v.</subfield></datafield><datafield ind1=" " ind2=" " tag="310"><subfield code="a">Daily</subfield></datafield><datafield ind1="0" ind2=" " tag="362"><subfield code="a">Apr. 5, 1865-</subfield></datafield><datafield ind1=" " ind2=" " tag="752"><subfield code="a">United States</subfield><subfield code="b">Iowa</subfield><subfield code="c">Wapello</subfield><subfield code="d">Ottumwa.</subfield></datafield><datafield ind1="0" ind2=" " tag="775"><subfield code="t">Weekly Ottumwa courier</subfield><subfield code="w">(DLC)sn 84027352</subfield><subfield code="g">Apr. 5, 1865-</subfield></datafield><datafield ind1="0" ind2="0" tag="785"><subfield code="t">Ottumwa daily courier</subfield><subfield code="w">(DLC)sn 84027330</subfield></datafield></record>